<?xml version="1.0" encoding="UTF-8"?>
<collection xmlns:xsi="http://www.w3.org/2001/XMLSchema-instance" xsi:schemaLocation="http://www.loc.gov/MARC21/slim http://www.loc.gov/standards/marcxml/schema/MARC21slim.xsd" xmlns="http://www.loc.gov/MARC21/slim">
<record>
  <leader>01456mam a2200301 a 4500</leader>
  <controlfield tag="001">3375546</controlfield>
  <controlfield tag="003">NNC</controlfield>
  <controlfield tag="005">20130426164137.0</controlfield>
  <controlfield tag="008">920811m19381939ua            000 0 ara d</controlfield>
  <datafield tag="035" ind1=" " ind2=" ">
    <subfield code="a">(OCoLC)ocm26376210</subfield>
  </datafield>
  <datafield tag="035" ind1=" " ind2=" ">
    <subfield code="9">AVE4016CU</subfield>
  </datafield>
  <datafield tag="035" ind1=" " ind2=" ">
    <subfield code="a">(NNC)3375546</subfield>
  </datafield>
  <datafield tag="040" ind1=" " ind2=" ">
    <subfield code="a">Recon MBB</subfield>
    <subfield code="c">MBB</subfield>
    <subfield code="d">OCL</subfield>
  </datafield>
  <datafield tag="090" ind1=" " ind2=" ">
    <subfield code="a">BP153</subfield>
    <subfield code="b">.R3 1938</subfield>
  </datafield>
  <datafield tag="100" ind1="1" ind2=" ">
    <subfield code="a">Ramlī, Muḥammad ibn Aḥmad,</subfield>
    <subfield code="d">1513-1596.</subfield>
  </datafield>
  <datafield tag="245" ind1="1" ind2="0">
    <subfield code="a">Nihāyat al-muḥtāj ilá sharḥ al-Minhāj fī al-fiqh ʻalá madhhab al-Imām al-Shāfiʻī /</subfield>
    <subfield code="c">taʾlīf Shams al-Dīn Muḥammad ibn Abī al-ʻAbbās al-Shahīr bi-al-Shāfiʻī al-Ṣaghir. Wa-maʻahu : Ḥāshiyat Abī al-Ḍiyāʾ Nūr al-Dīn ʻAlī ibn ʻAlī al-Shabrāmallisī al-Qāhirah. Wa-bi-al-hāmish : Ḥāshiyat Aḥmad ibn ʻAbd al-Razzaq al-maʻrūf bi-al-Maghribī al-Rashīdī.</subfield>
  </datafield>
  <datafield tag="260" ind1=" " ind2=" ">
    <subfield code="a">[al-Qāhirah] :</subfield>
    <subfield code="b">Muṣṭafá al-Bābī al-Ḥalabī,</subfield>
    <subfield code="c">[1938-39]</subfield>
  </datafield>
  <datafield tag="300" ind1=" " ind2=" ">
    <subfield code="a">8 v. ;</subfield>
    <subfield code="c">28 cm.</subfield>
  </datafield>
  <datafield tag="500" ind1=" " ind2=" ">
    <subfield code="a">Includes text of al-Nawawī's al-minhāj.</subfield>
  </datafield>
  <datafield tag="500" ind1=" " ind2=" ">
    <subfield code="a">On spine: Jāmiʻat al-Kuwayt.</subfield>
  </datafield>
  <datafield tag="650" ind1=" " ind2="0">
    <subfield code="a">Islamic law.</subfield>
  </datafield>
  <datafield tag="650" ind1=" " ind2="0">
    <subfield code="a">Shafiites.</subfield>
  </datafield>
  <datafield tag="700" ind1="0" ind2="2">
    <subfield code="a">Nawawī,</subfield>
    <subfield code="d">1233-1277.</subfield>
    <subfield code="t">Minhāj.</subfield>
  </datafield>
  <datafield tag="700" ind1="1" ind2="2">
    <subfield code="a">Shabrāmallisī, ʻAlī ibn ʻAlī,</subfield>
    <subfield code="d">1588 or 1589-1676 or 1677.</subfield>
    <subfield code="t">Ḥāshiyah ʻalá sharḥ al-Minhāj.</subfield>
  </datafield>
  <datafield tag="700" ind1="1" ind2=" ">
    <subfield code="a">Maghribī, Aḥmad ibn ʻAbd al-Razzāq,</subfield>
    <subfield code="d">-1684 or 1685.</subfield>
  </datafield>
  <datafield tag="740" ind1="0" ind2=" ">
    <subfield code="a">Minhāj.</subfield>
  </datafield>
  <datafield tag="740" ind1="0" ind2=" ">
    <subfield code="a">Ḥāshiyah ʻalá sharḥ al-Minhāj.</subfield>
  </datafield>
  <datafield tag="955" ind1=" " ind2=" ">
    <subfield code="b">0026815931</subfield>
    <subfield code="d">glx</subfield>
    <subfield code="e">893.799 R145</subfield>
    <subfield code="v">v.6</subfield>
  </datafield>
</record>
</collection>